@article{RJXB202110009,
author = {李晟洁 and 李翔 and 张越 and 王亚沙 and 张大庆},
title = {基于Wi-Fi信道状态信息的行走识别与行走参数估计},
journal = {软件学报},
volume = {32},
number = {10},
pages = {3122-3138},
year = {2021},
issn = {1000-9825},
doi ={10.13328/j.cnki.jos.006027},
language = {chinese} 
}


@article{kiymik2005FT,
  title={Comparison of STFT and wavelet transform methods in determining epileptic seizure activity in EEG signals for real-time application},
  author={K{\i}ym{\i}k, M Kemal and G{\"u}ler, I. and Dizib{\"u}y{\"u}k, Alper and Ak{\i}n, Mehmet},
  journal={Computers in biology and medicine},
  volume={35},
  number={7},
  pages={603--616},
  year={2005},
  publisher={Elsevier}
}

@inbook{zhou2016MLbook,
    title={机器学习},
    author={周志华},
    publisher={清华大学出版社},
    address = {北京},
    language = {chinese},
    pages = {181-185},
    year={2016}
}